%YAML 1.1
%TAG !u! tag:unity3d.com,2011:
--- !u!1 &489208918098518698
GameObject:
  m_ObjectHideFlags: 0
  m_CorrespondingSourceObject: {fileID: 0}
  m_PrefabInstance: {fileID: 0}
  m_PrefabAsset: {fileID: 0}
  serializedVersion: 6
  m_Component:
  - component: {fileID: 973292399428597776}
  - component: {fileID: 7270671614942612762}
  m_Layer: 7
  m_Name: prefab_building02
  m_TagString: Untagged
  m_Icon: {fileID: 0}
  m_NavMeshLayer: 0
  m_StaticEditorFlags: 0
  m_IsActive: 0
--- !u!4 &973292399428597776
Transform:
  m_ObjectHideFlags: 0
  m_CorrespondingSourceObject: {fileID: 0}
  m_PrefabInstance: {fileID: 0}
  m_PrefabAsset: {fileID: 0}
  m_GameObject: {fileID: 489208918098518698}
  m_LocalRotation: {x: 0, y: -0, z: -0, w: 1}
  m_LocalPosition: {x: -0, y: 0, z: 0}
  m_LocalScale: {x: 1, y: 1, z: 1}
  m_Children: []
  m_Father: {fileID: 7861517032010813844}
  m_RootOrder: 4
  m_LocalEulerAnglesHint: {x: 0, y: 0, z: 0}
--- !u!65 &7270671614942612762
BoxCollider:
  m_ObjectHideFlags: 0
  m_CorrespondingSourceObject: {fileID: 0}
  m_PrefabInstance: {fileID: 0}
  m_PrefabAsset: {fileID: 0}
  m_GameObject: {fileID: 489208918098518698}
  m_Material: {fileID: 13400000, guid: 7305ac85b6ac7be459a8ca51b9b06fbf, type: 2}
  m_IsTrigger: 0
  m_Enabled: 1
  serializedVersion: 2
  m_Size: {x: 4.3999996, y: 10.300002, z: 4.4}
  m_Center: {x: 0.00000011920929, y: 5.149998, z: 0.00000023841858}
--- !u!1 &1593168558341834798
GameObject:
  m_ObjectHideFlags: 0
  m_CorrespondingSourceObject: {fileID: 0}
  m_PrefabInstance: {fileID: 0}
  m_PrefabAsset: {fileID: 0}
  serializedVersion: 6
  m_Component:
  - component: {fileID: 8204507153391168500}
  m_Layer: 7
  m_Name: Graphics
  m_TagString: Untagged
  m_Icon: {fileID: 0}
  m_NavMeshLayer: 0
  m_StaticEditorFlags: 0
  m_IsActive: 1
--- !u!4 &8204507153391168500
Transform:
  m_ObjectHideFlags: 0
  m_CorrespondingSourceObject: {fileID: 0}
  m_PrefabInstance: {fileID: 0}
  m_PrefabAsset: {fileID: 0}
  m_GameObject: {fileID: 1593168558341834798}
  m_LocalRotation: {x: 0, y: 0, z: 0, w: 1}
  m_LocalPosition: {x: 0, y: 0, z: 0}
  m_LocalScale: {x: 1, y: 1, z: 1}
  m_Children:
  - {fileID: 6586345513556243987}
  - {fileID: 446349888562705879}
  - {fileID: 5293132896694406737}
  - {fileID: 2196231010565945373}
  - {fileID: 6221167009458383056}
  - {fileID: 6817506795544331135}
  m_Father: {fileID: 1805407726769173178}
  m_RootOrder: 0
  m_LocalEulerAnglesHint: {x: 0, y: 0, z: 0}
--- !u!1 &2322555691658865984
GameObject:
  m_ObjectHideFlags: 0
  m_CorrespondingSourceObject: {fileID: 0}
  m_PrefabInstance: {fileID: 0}
  m_PrefabAsset: {fileID: 0}
  serializedVersion: 6
  m_Component:
  - component: {fileID: 3130196028277602298}
  - component: {fileID: 8556547373731301220}
  m_Layer: 7
  m_Name: prefab_building01
  m_TagString: Untagged
  m_Icon: {fileID: 0}
  m_NavMeshLayer: 0
  m_StaticEditorFlags: 0
  m_IsActive: 0
--- !u!4 &3130196028277602298
Transform:
  m_ObjectHideFlags: 0
  m_CorrespondingSourceObject: {fileID: 0}
  m_PrefabInstance: {fileID: 0}
  m_PrefabAsset: {fileID: 0}
  m_GameObject: {fileID: 2322555691658865984}
  m_LocalRotation: {x: 0, y: 0, z: 0, w: 1}
  m_LocalPosition: {x: 0, y: 0, z: 0}
  m_LocalScale: {x: 1, y: 1, z: 1}
  m_Children: []
  m_Father: {fileID: 7861517032010813844}
  m_RootOrder: 3
  m_LocalEulerAnglesHint: {x: 0, y: 0, z: 0}
--- !u!65 &8556547373731301220
BoxCollider:
  m_ObjectHideFlags: 0
  m_CorrespondingSourceObject: {fileID: 0}
  m_PrefabInstance: {fileID: 0}
  m_PrefabAsset: {fileID: 0}
  m_GameObject: {fileID: 2322555691658865984}
  m_Material: {fileID: 13400000, guid: 7305ac85b6ac7be459a8ca51b9b06fbf, type: 2}
  m_IsTrigger: 0
  m_Enabled: 1
  serializedVersion: 2
  m_Size: {x: 4.3999996, y: 6.3, z: 4.3999996}
  m_Center: {x: 0, y: 3.1499996, z: 0.00000011920929}
--- !u!1 &3404162555957695305
GameObject:
  m_ObjectHideFlags: 0
  m_CorrespondingSourceObject: {fileID: 0}
  m_PrefabInstance: {fileID: 0}
  m_PrefabAsset: {fileID: 0}
  serializedVersion: 6
  m_Component:
  - component: {fileID: 2974931061078324726}
  - component: {fileID: 1848224731110322175}
  m_Layer: 7
  m_Name: prefab_building03
  m_TagString: Untagged
  m_Icon: {fileID: 0}
  m_NavMeshLayer: 0
  m_StaticEditorFlags: 0
  m_IsActive: 0
--- !u!4 &2974931061078324726
Transform:
  m_ObjectHideFlags: 0
  m_CorrespondingSourceObject: {fileID: 0}
  m_PrefabInstance: {fileID: 0}
  m_PrefabAsset: {fileID: 0}
  m_GameObject: {fileID: 3404162555957695305}
  m_LocalRotation: {x: 0, y: -0, z: -0, w: 1}
  m_LocalPosition: {x: -0, y: 0, z: 0}
  m_LocalScale: {x: 1, y: 1, z: 1}
  m_Children: []
  m_Father: {fileID: 7861517032010813844}
  m_RootOrder: 5
  m_LocalEulerAnglesHint: {x: 0, y: 0, z: 0}
--- !u!65 &1848224731110322175
BoxCollider:
  m_ObjectHideFlags: 0
  m_CorrespondingSourceObject: {fileID: 0}
  m_PrefabInstance: {fileID: 0}
  m_PrefabAsset: {fileID: 0}
  m_GameObject: {fileID: 3404162555957695305}
  m_Material: {fileID: 13400000, guid: 7305ac85b6ac7be459a8ca51b9b06fbf, type: 2}
  m_IsTrigger: 0
  m_Enabled: 1
  serializedVersion: 2
  m_Size: {x: 7, y: 27.260487, z: 7}
  m_Center: {x: 0, y: 13.630241, z: 0.00000023841858}
--- !u!1 &3947474322395505505
GameObject:
  m_ObjectHideFlags: 0
  m_CorrespondingSourceObject: {fileID: 0}
  m_PrefabInstance: {fileID: 0}
  m_PrefabAsset: {fileID: 0}
  serializedVersion: 6
  m_Component:
  - component: {fileID: 4432648519197424091}
  - component: {fileID: 7060531216984349345}
  m_Layer: 7
  m_Name: prefab_house1
  m_TagString: Untagged
  m_Icon: {fileID: 0}
  m_NavMeshLayer: 0
  m_StaticEditorFlags: 0
  m_IsActive: 0
--- !u!4 &4432648519197424091
Transform:
  m_ObjectHideFlags: 0
  m_CorrespondingSourceObject: {fileID: 0}
  m_PrefabInstance: {fileID: 0}
  m_PrefabAsset: {fileID: 0}
  m_GameObject: {fileID: 3947474322395505505}
  m_LocalRotation: {x: 0, y: 0, z: 0, w: 1}
  m_LocalPosition: {x: -0, y: 0, z: 0}
  m_LocalScale: {x: 1, y: 1, z: 1}
  m_Children: []
  m_Father: {fileID: 7861517032010813844}
  m_RootOrder: 1
  m_LocalEulerAnglesHint: {x: 0, y: 0, z: 0}
--- !u!65 &7060531216984349345
BoxCollider:
  m_ObjectHideFlags: 0
  m_CorrespondingSourceObject: {fileID: 0}
  m_PrefabInstance: {fileID: 0}
  m_PrefabAsset: {fileID: 0}
  m_GameObject: {fileID: 3947474322395505505}
  m_Material: {fileID: 13400000, guid: 7305ac85b6ac7be459a8ca51b9b06fbf, type: 2}
  m_IsTrigger: 0
  m_Enabled: 1
  serializedVersion: 2
  m_Size: {x: 4.5588474, y: 3.1651068, z: 3.6410356}
  m_Center: {x: 0.5610348, y: 1.5825534, z: 0.00000017881393}
--- !u!1 &5371004602741875665
GameObject:
  m_ObjectHideFlags: 0
  m_CorrespondingSourceObject: {fileID: 0}
  m_PrefabInstance: {fileID: 0}
  m_PrefabAsset: {fileID: 0}
  serializedVersion: 6
  m_Component:
  - component: {fileID: 7861517032010813844}
  m_Layer: 7
  m_Name: Colliders
  m_TagString: Untagged
  m_Icon: {fileID: 0}
  m_NavMeshLayer: 0
  m_StaticEditorFlags: 0
  m_IsActive: 1
--- !u!4 &7861517032010813844
Transform:
  m_ObjectHideFlags: 0
  m_CorrespondingSourceObject: {fileID: 0}
  m_PrefabInstance: {fileID: 0}
  m_PrefabAsset: {fileID: 0}
  m_GameObject: {fileID: 5371004602741875665}
  m_LocalRotation: {x: 0, y: 0, z: 0, w: 1}
  m_LocalPosition: {x: 0, y: 0, z: 0}
  m_LocalScale: {x: 1, y: 1, z: 1}
  m_Children:
  - {fileID: 6468362358059261677}
  - {fileID: 4432648519197424091}
  - {fileID: 6389343095004319278}
  - {fileID: 3130196028277602298}
  - {fileID: 973292399428597776}
  - {fileID: 2974931061078324726}
  m_Father: {fileID: 1805407726769173178}
  m_RootOrder: 1
  m_LocalEulerAnglesHint: {x: 0, y: 0, z: 0}
--- !u!1 &5935196696526767012
GameObject:
  m_ObjectHideFlags: 0
  m_CorrespondingSourceObject: {fileID: 0}
  m_PrefabInstance: {fileID: 0}
  m_PrefabAsset: {fileID: 0}
  serializedVersion: 6
  m_Component:
  - component: {fileID: 1805407726769173178}
  - component: {fileID: 3945668146742337753}
  - component: {fileID: 2992466162300190774}
  - component: {fileID: 7232094765899177531}
  m_Layer: 6
  m_Name: Building_Prefab
  m_TagString: Building
  m_Icon: {fileID: 0}
  m_NavMeshLayer: 0
  m_StaticEditorFlags: 0
  m_IsActive: 1
--- !u!4 &1805407726769173178
Transform:
  m_ObjectHideFlags: 0
  m_CorrespondingSourceObject: {fileID: 0}
  m_PrefabInstance: {fileID: 0}
  m_PrefabAsset: {fileID: 0}
  m_GameObject: {fileID: 5935196696526767012}
  m_LocalRotation: {x: 0, y: 0, z: 0, w: 1}
  m_LocalPosition: {x: 0, y: 0, z: 0}
  m_LocalScale: {x: 1, y: 1, z: 1}
  m_Children:
  - {fileID: 8204507153391168500}
  - {fileID: 7861517032010813844}
  m_Father: {fileID: 0}
  m_RootOrder: 0
  m_LocalEulerAnglesHint: {x: 0, y: 0, z: 0}
--- !u!54 &3945668146742337753
Rigidbody:
  m_ObjectHideFlags: 0
  m_CorrespondingSourceObject: {fileID: 0}
  m_PrefabInstance: {fileID: 0}
  m_PrefabAsset: {fileID: 0}
  m_GameObject: {fileID: 5935196696526767012}
  serializedVersion: 2
  m_Mass: 1
  m_Drag: 0
  m_AngularDrag: 0.05
  m_UseGravity: 1
  m_IsKinematic: 0
  m_Interpolate: 0
  m_Constraints: 0
  m_CollisionDetection: 0
--- !u!114 &2992466162300190774
MonoBehaviour:
  m_ObjectHideFlags: 0
  m_CorrespondingSourceObject: {fileID: 0}
  m_PrefabInstance: {fileID: 0}
  m_PrefabAsset: {fileID: 0}
  m_GameObject: {fileID: 5935196696526767012}
  m_Enabled: 1
  m_EditorHideFlags: 0
  m_Script: {fileID: 11500000, guid: 70671793201b4fd4ab4cfc3f9be980fd, type: 3}
  m_Name: 
  m_EditorClassIdentifier: 
  physicsMaterial: {fileID: 0}
  buildingData: {fileID: 11400000, guid: 45bbbe60cf00af64d80c446c657590bc, type: 2}
  graphicsContainer: {fileID: 8204507153391168500}
  collidersContainer: {fileID: 7861517032010813844}
--- !u!65 &7232094765899177531
BoxCollider:
  m_ObjectHideFlags: 0
  m_CorrespondingSourceObject: {fileID: 0}
  m_PrefabInstance: {fileID: 0}
  m_PrefabAsset: {fileID: 0}
  m_GameObject: {fileID: 5935196696526767012}
  m_Material: {fileID: 0}
  m_IsTrigger: 1
  m_Enabled: 1
  serializedVersion: 2
  m_Size: {x: 3.2, y: 2.53, z: 3.7}
  m_Center: {x: 0, y: 1.3, z: 0}
--- !u!1 &5949235212059739223
GameObject:
  m_ObjectHideFlags: 0
  m_CorrespondingSourceObject: {fileID: 0}
  m_PrefabInstance: {fileID: 0}
  m_PrefabAsset: {fileID: 0}
  serializedVersion: 6
  m_Component:
  - component: {fileID: 6468362358059261677}
  - component: {fileID: 3395671015844860565}
  m_Layer: 7
  m_Name: prefab_house0
  m_TagString: Untagged
  m_Icon: {fileID: 0}
  m_NavMeshLayer: 0
  m_StaticEditorFlags: 0
  m_IsActive: 0
--- !u!4 &6468362358059261677
Transform:
  m_ObjectHideFlags: 0
  m_CorrespondingSourceObject: {fileID: 0}
  m_PrefabInstance: {fileID: 0}
  m_PrefabAsset: {fileID: 0}
  m_GameObject: {fileID: 5949235212059739223}
  m_LocalRotation: {x: 0, y: -0, z: -0, w: 1}
  m_LocalPosition: {x: -0, y: 0, z: 0}
  m_LocalScale: {x: 1, y: 1, z: 1}
  m_Children: []
  m_Father: {fileID: 7861517032010813844}
  m_RootOrder: 0
  m_LocalEulerAnglesHint: {x: 0, y: 0, z: 0}
--- !u!65 &3395671015844860565
BoxCollider:
  m_ObjectHideFlags: 0
  m_CorrespondingSourceObject: {fileID: 0}
  m_PrefabInstance: {fileID: 0}
  m_PrefabAsset: {fileID: 0}
  m_GameObject: {fileID: 5949235212059739223}
  m_Material: {fileID: 13400000, guid: 7305ac85b6ac7be459a8ca51b9b06fbf, type: 2}
  m_IsTrigger: 0
  m_Enabled: 1
  serializedVersion: 2
  m_Size: {x: 2.2514014, y: 2.5865304, z: 2.7315037}
  m_Center: {x: -0.00000011920929, y: 1.2932652, z: -0.00000011920929}
--- !u!1 &6043919888406516884
GameObject:
  m_ObjectHideFlags: 0
  m_CorrespondingSourceObject: {fileID: 0}
  m_PrefabInstance: {fileID: 0}
  m_PrefabAsset: {fileID: 0}
  serializedVersion: 6
  m_Component:
  - component: {fileID: 6389343095004319278}
  - component: {fileID: 1756653344880761355}
  m_Layer: 7
  m_Name: prefab_house2
  m_TagString: Untagged
  m_Icon: {fileID: 0}
  m_NavMeshLayer: 0
  m_StaticEditorFlags: 0
  m_IsActive: 0
--- !u!4 &6389343095004319278
Transform:
  m_ObjectHideFlags: 0
  m_CorrespondingSourceObject: {fileID: 0}
  m_PrefabInstance: {fileID: 0}
  m_PrefabAsset: {fileID: 0}
  m_GameObject: {fileID: 6043919888406516884}
  m_LocalRotation: {x: 0, y: -0, z: -0, w: 1}
  m_LocalPosition: {x: -0, y: 0, z: 0}
  m_LocalScale: {x: 1, y: 1, z: 1}
  m_Children: []
  m_Father: {fileID: 7861517032010813844}
  m_RootOrder: 2
  m_LocalEulerAnglesHint: {x: 0, y: 0, z: 0}
--- !u!65 &1756653344880761355
BoxCollider:
  m_ObjectHideFlags: 0
  m_CorrespondingSourceObject: {fileID: 0}
  m_PrefabInstance: {fileID: 0}
  m_PrefabAsset: {fileID: 0}
  m_GameObject: {fileID: 6043919888406516884}
  m_Material: {fileID: 13400000, guid: 7305ac85b6ac7be459a8ca51b9b06fbf, type: 2}
  m_IsTrigger: 0
  m_Enabled: 1
  serializedVersion: 2
  m_Size: {x: 6.6119943, y: 3.1651068, z: 3.962781}
  m_Center: {x: 0, y: 1.5825534, z: 0.16087276}
--- !u!1001 &2226691670451650360
PrefabInstance:
  m_ObjectHideFlags: 0
  serializedVersion: 2
  m_Modification:
    m_TransformParent: {fileID: 8204507153391168500}
    m_Modifications:
    - target: {fileID: 5008471314593646891, guid: 93c63f75582acea44a7c35b58f5f52e3, type: 3}
      propertyPath: m_RootOrder
      value: 0
      objectReference: {fileID: 0}
    - target: {fileID: 5008471314593646891, guid: 93c63f75582acea44a7c35b58f5f52e3, type: 3}
      propertyPath: m_LocalPosition.x
      value: -0
      objectReference: {fileID: 0}
    - target: {fileID: 5008471314593646891, guid: 93c63f75582acea44a7c35b58f5f52e3, type: 3}
      propertyPath: m_LocalPosition.y
      value: 0
      objectReference: {fileID: 0}
    - target: {fileID: 5008471314593646891, guid: 93c63f75582acea44a7c35b58f5f52e3, type: 3}
      propertyPath: m_LocalPosition.z
      value: 0
      objectReference: {fileID: 0}
    - target: {fileID: 5008471314593646891, guid: 93c63f75582acea44a7c35b58f5f52e3, type: 3}
      propertyPath: m_LocalRotation.w
      value: 1
      objectReference: {fileID: 0}
    - target: {fileID: 5008471314593646891, guid: 93c63f75582acea44a7c35b58f5f52e3, type: 3}
      propertyPath: m_LocalRotation.x
      value: 0
      objectReference: {fileID: 0}
    - target: {fileID: 5008471314593646891, guid: 93c63f75582acea44a7c35b58f5f52e3, type: 3}
      propertyPath: m_LocalRotation.y
      value: -0
      objectReference: {fileID: 0}
    - target: {fileID: 5008471314593646891, guid: 93c63f75582acea44a7c35b58f5f52e3, type: 3}
      propertyPath: m_LocalRotation.z
      value: -0
      objectReference: {fileID: 0}
    - target: {fileID: 5008471314593646891, guid: 93c63f75582acea44a7c35b58f5f52e3, type: 3}
      propertyPath: m_LocalEulerAnglesHint.x
      value: 0
      objectReference: {fileID: 0}
    - target: {fileID: 5008471314593646891, guid: 93c63f75582acea44a7c35b58f5f52e3, type: 3}
      propertyPath: m_LocalEulerAnglesHint.y
      value: 0
      objectReference: {fileID: 0}
    - target: {fileID: 5008471314593646891, guid: 93c63f75582acea44a7c35b58f5f52e3, type: 3}
      propertyPath: m_LocalEulerAnglesHint.z
      value: 0
      objectReference: {fileID: 0}
    - target: {fileID: 5677485191562974097, guid: 93c63f75582acea44a7c35b58f5f52e3, type: 3}
      propertyPath: m_Name
      value: prefab_house0
      objectReference: {fileID: 0}
    - target: {fileID: 5677485191562974097, guid: 93c63f75582acea44a7c35b58f5f52e3, type: 3}
      propertyPath: m_Layer
      value: 7
      objectReference: {fileID: 0}
    - target: {fileID: 5677485191562974097, guid: 93c63f75582acea44a7c35b58f5f52e3, type: 3}
      propertyPath: m_IsActive
      value: 0
      objectReference: {fileID: 0}
    m_RemovedComponents: []
  m_SourcePrefab: {fileID: 100100000, guid: 93c63f75582acea44a7c35b58f5f52e3, type: 3}
--- !u!4 &6586345513556243987 stripped
Transform:
  m_CorrespondingSourceObject: {fileID: 5008471314593646891, guid: 93c63f75582acea44a7c35b58f5f52e3, type: 3}
  m_PrefabInstance: {fileID: 2226691670451650360}
  m_PrefabAsset: {fileID: 0}
--- !u!1001 &4086838809319076713
PrefabInstance:
  m_ObjectHideFlags: 0
  serializedVersion: 2
  m_Modification:
    m_TransformParent: {fileID: 8204507153391168500}
    m_Modifications:
    - target: {fileID: 4166723860552698624, guid: 98021a2f407a5ed47b36b2e8fc980e9b, type: 3}
      propertyPath: m_Name
      value: prefab_building03
      objectReference: {fileID: 0}
    - target: {fileID: 4166723860552698624, guid: 98021a2f407a5ed47b36b2e8fc980e9b, type: 3}
      propertyPath: m_IsActive
      value: 0
      objectReference: {fileID: 0}
    - target: {fileID: 7362251180778795030, guid: 98021a2f407a5ed47b36b2e8fc980e9b, type: 3}
      propertyPath: m_RootOrder
      value: 5
      objectReference: {fileID: 0}
    - target: {fileID: 7362251180778795030, guid: 98021a2f407a5ed47b36b2e8fc980e9b, type: 3}
      propertyPath: m_LocalPosition.x
      value: 0
      objectReference: {fileID: 0}
    - target: {fileID: 7362251180778795030, guid: 98021a2f407a5ed47b36b2e8fc980e9b, type: 3}
      propertyPath: m_LocalPosition.y
      value: 0
      objectReference: {fileID: 0}
    - target: {fileID: 7362251180778795030, guid: 98021a2f407a5ed47b36b2e8fc980e9b, type: 3}
      propertyPath: m_LocalPosition.z
      value: 0
      objectReference: {fileID: 0}
    - target: {fileID: 7362251180778795030, guid: 98021a2f407a5ed47b36b2e8fc980e9b, type: 3}
      propertyPath: m_LocalRotation.w
      value: 1
      objectReference: {fileID: 0}
    - target: {fileID: 7362251180778795030, guid: 98021a2f407a5ed47b36b2e8fc980e9b, type: 3}
      propertyPath: m_LocalRotation.x
      value: 0
      objectReference: {fileID: 0}
    - target: {fileID: 7362251180778795030, guid: 98021a2f407a5ed47b36b2e8fc980e9b, type: 3}
      propertyPath: m_LocalRotation.y
      value: 0
      objectReference: {fileID: 0}
    - target: {fileID: 7362251180778795030, guid: 98021a2f407a5ed47b36b2e8fc980e9b, type: 3}
      propertyPath: m_LocalRotation.z
      value: 0
      objectReference: {fileID: 0}
    - target: {fileID: 7362251180778795030, guid: 98021a2f407a5ed47b36b2e8fc980e9b, type: 3}
      propertyPath: m_LocalEulerAnglesHint.x
      value: 0
      objectReference: {fileID: 0}
    - target: {fileID: 7362251180778795030, guid: 98021a2f407a5ed47b36b2e8fc980e9b, type: 3}
      propertyPath: m_LocalEulerAnglesHint.y
      value: 0
      objectReference: {fileID: 0}
    - target: {fileID: 7362251180778795030, guid: 98021a2f407a5ed47b36b2e8fc980e9b, type: 3}
      propertyPath: m_LocalEulerAnglesHint.z
      value: 0
      objectReference: {fileID: 0}
    m_RemovedComponents: []
  m_SourcePrefab: {fileID: 100100000, guid: 98021a2f407a5ed47b36b2e8fc980e9b, type: 3}
--- !u!4 &6817506795544331135 stripped
Transform:
  m_CorrespondingSourceObject: {fileID: 7362251180778795030, guid: 98021a2f407a5ed47b36b2e8fc980e9b, type: 3}
  m_PrefabInstance: {fileID: 4086838809319076713}
  m_PrefabAsset: {fileID: 0}
--- !u!1001 &5768233965841199363
PrefabInstance:
  m_ObjectHideFlags: 0
  serializedVersion: 2
  m_Modification:
    m_TransformParent: {fileID: 8204507153391168500}
    m_Modifications:
    - target: {fileID: 4989327444617204644, guid: 9b3b0d415c2e1d342b3db043374045c5, type: 3}
      propertyPath: m_Name
      value: prefab_building01
      objectReference: {fileID: 0}
    - target: {fileID: 4989327444617204644, guid: 9b3b0d415c2e1d342b3db043374045c5, type: 3}
      propertyPath: m_Layer
      value: 7
      objectReference: {fileID: 0}
    - target: {fileID: 4989327444617204644, guid: 9b3b0d415c2e1d342b3db043374045c5, type: 3}
      propertyPath: m_IsActive
      value: 0
      objectReference: {fileID: 0}
    - target: {fileID: 5653836454459361566, guid: 9b3b0d415c2e1d342b3db043374045c5, type: 3}
      propertyPath: m_RootOrder
      value: 3
      objectReference: {fileID: 0}
    - target: {fileID: 5653836454459361566, guid: 9b3b0d415c2e1d342b3db043374045c5, type: 3}
      propertyPath: m_LocalPosition.x
      value: 0
      objectReference: {fileID: 0}
    - target: {fileID: 5653836454459361566, guid: 9b3b0d415c2e1d342b3db043374045c5, type: 3}
      propertyPath: m_LocalPosition.y
      value: 0
      objectReference: {fileID: 0}
    - target: {fileID: 5653836454459361566, guid: 9b3b0d415c2e1d342b3db043374045c5, type: 3}
      propertyPath: m_LocalPosition.z
      value: 0
      objectReference: {fileID: 0}
    - target: {fileID: 5653836454459361566, guid: 9b3b0d415c2e1d342b3db043374045c5, type: 3}
      propertyPath: m_LocalRotation.w
      value: 1
      objectReference: {fileID: 0}
    - target: {fileID: 5653836454459361566, guid: 9b3b0d415c2e1d342b3db043374045c5, type: 3}
      propertyPath: m_LocalRotation.x
      value: 0
      objectReference: {fileID: 0}
    - target: {fileID: 5653836454459361566, guid: 9b3b0d415c2e1d342b3db043374045c5, type: 3}
      propertyPath: m_LocalRotation.y
      value: 0
      objectReference: {fileID: 0}
    - target: {fileID: 5653836454459361566, guid: 9b3b0d415c2e1d342b3db043374045c5, type: 3}
      propertyPath: m_LocalRotation.z
      value: 0
      objectReference: {fileID: 0}
    - target: {fileID: 5653836454459361566, guid: 9b3b0d415c2e1d342b3db043374045c5, type: 3}
      propertyPath: m_LocalEulerAnglesHint.x
      value: 0
      objectReference: {fileID: 0}
    - target: {fileID: 5653836454459361566, guid: 9b3b0d415c2e1d342b3db043374045c5, type: 3}
      propertyPath: m_LocalEulerAnglesHint.y
      value: 0
      objectReference: {fileID: 0}
    - target: {fileID: 5653836454459361566, guid: 9b3b0d415c2e1d342b3db043374045c5, type: 3}
      propertyPath: m_LocalEulerAnglesHint.z
      value: 0
      objectReference: {fileID: 0}
    m_RemovedComponents: []
  m_SourcePrefab: {fileID: 100100000, guid: 9b3b0d415c2e1d342b3db043374045c5, type: 3}
--- !u!4 &2196231010565945373 stripped
Transform:
  m_CorrespondingSourceObject: {fileID: 5653836454459361566, guid: 9b3b0d415c2e1d342b3db043374045c5, type: 3}
  m_PrefabInstance: {fileID: 5768233965841199363}
  m_PrefabAsset: {fileID: 0}
--- !u!1001 &6492627314840877280
PrefabInstance:
  m_ObjectHideFlags: 0
  serializedVersion: 2
  m_Modification:
    m_TransformParent: {fileID: 8204507153391168500}
    m_Modifications:
    - target: {fileID: 1400213179945006769, guid: b023eccdc301b684fb054e17a639ba82, type: 3}
      propertyPath: m_RootOrder
      value: 2
      objectReference: {fileID: 0}
    - target: {fileID: 1400213179945006769, guid: b023eccdc301b684fb054e17a639ba82, type: 3}
      propertyPath: m_LocalPosition.x
      value: -0
      objectReference: {fileID: 0}
    - target: {fileID: 1400213179945006769, guid: b023eccdc301b684fb054e17a639ba82, type: 3}
      propertyPath: m_LocalPosition.y
      value: 0
      objectReference: {fileID: 0}
    - target: {fileID: 1400213179945006769, guid: b023eccdc301b684fb054e17a639ba82, type: 3}
      propertyPath: m_LocalPosition.z
      value: 0
      objectReference: {fileID: 0}
    - target: {fileID: 1400213179945006769, guid: b023eccdc301b684fb054e17a639ba82, type: 3}
      propertyPath: m_LocalRotation.w
      value: 1
      objectReference: {fileID: 0}
    - target: {fileID: 1400213179945006769, guid: b023eccdc301b684fb054e17a639ba82, type: 3}
      propertyPath: m_LocalRotation.x
      value: 0
      objectReference: {fileID: 0}
    - target: {fileID: 1400213179945006769, guid: b023eccdc301b684fb054e17a639ba82, type: 3}
      propertyPath: m_LocalRotation.y
      value: -0
      objectReference: {fileID: 0}
    - target: {fileID: 1400213179945006769, guid: b023eccdc301b684fb054e17a639ba82, type: 3}
      propertyPath: m_LocalRotation.z
      value: -0
      objectReference: {fileID: 0}
    - target: {fileID: 1400213179945006769, guid: b023eccdc301b684fb054e17a639ba82, type: 3}
      propertyPath: m_LocalEulerAnglesHint.x
      value: 0
      objectReference: {fileID: 0}
    - target: {fileID: 1400213179945006769, guid: b023eccdc301b684fb054e17a639ba82, type: 3}
      propertyPath: m_LocalEulerAnglesHint.y
      value: 0
      objectReference: {fileID: 0}
    - target: {fileID: 1400213179945006769, guid: b023eccdc301b684fb054e17a639ba82, type: 3}
      propertyPath: m_LocalEulerAnglesHint.z
      value: 0
      objectReference: {fileID: 0}
    - target: {fileID: 1739901127530474507, guid: b023eccdc301b684fb054e17a639ba82, type: 3}
      propertyPath: m_Name
      value: prefab_house2
      objectReference: {fileID: 0}
    - target: {fileID: 1739901127530474507, guid: b023eccdc301b684fb054e17a639ba82, type: 3}
      propertyPath: m_Layer
      value: 7
      objectReference: {fileID: 0}
    - target: {fileID: 1739901127530474507, guid: b023eccdc301b684fb054e17a639ba82, type: 3}
      propertyPath: m_IsActive
      value: 0
      objectReference: {fileID: 0}
    - target: {fileID: 8270645201825066317, guid: b023eccdc301b684fb054e17a639ba82, type: 3}
      propertyPath: m_Layer
      value: 7
      objectReference: {fileID: 0}
    m_RemovedComponents: []
  m_SourcePrefab: {fileID: 100100000, guid: b023eccdc301b684fb054e17a639ba82, type: 3}
--- !u!4 &5293132896694406737 stripped
Transform:
  m_CorrespondingSourceObject: {fileID: 1400213179945006769, guid: b023eccdc301b684fb054e17a639ba82, type: 3}
  m_PrefabInstance: {fileID: 6492627314840877280}
  m_PrefabAsset: {fileID: 0}
--- !u!1001 &6513903331817424088
PrefabInstance:
  m_ObjectHideFlags: 0
  serializedVersion: 2
  m_Modification:
    m_TransformParent: {fileID: 8204507153391168500}
    m_Modifications:
    - target: {fileID: 2514266973603810906, guid: 354045c52e2429a49a96275812d9e5e6, type: 3}
      propertyPath: m_Layer
      value: 7
      objectReference: {fileID: 0}
    - target: {fileID: 6276919357605342133, guid: 354045c52e2429a49a96275812d9e5e6, type: 3}
      propertyPath: m_Name
      value: prefab_house1
      objectReference: {fileID: 0}
    - target: {fileID: 6276919357605342133, guid: 354045c52e2429a49a96275812d9e5e6, type: 3}
      propertyPath: m_Layer
      value: 7
      objectReference: {fileID: 0}
    - target: {fileID: 6276919357605342133, guid: 354045c52e2429a49a96275812d9e5e6, type: 3}
      propertyPath: m_IsActive
      value: 0
      objectReference: {fileID: 0}
    - target: {fileID: 6654007197491966223, guid: 354045c52e2429a49a96275812d9e5e6, type: 3}
      propertyPath: m_RootOrder
      value: 1
      objectReference: {fileID: 0}
    - target: {fileID: 6654007197491966223, guid: 354045c52e2429a49a96275812d9e5e6, type: 3}
      propertyPath: m_LocalPosition.x
      value: -0
      objectReference: {fileID: 0}
    - target: {fileID: 6654007197491966223, guid: 354045c52e2429a49a96275812d9e5e6, type: 3}
      propertyPath: m_LocalPosition.y
      value: 0
      objectReference: {fileID: 0}
    - target: {fileID: 6654007197491966223, guid: 354045c52e2429a49a96275812d9e5e6, type: 3}
      propertyPath: m_LocalPosition.z
      value: 0
      objectReference: {fileID: 0}
    - target: {fileID: 6654007197491966223, guid: 354045c52e2429a49a96275812d9e5e6, type: 3}
      propertyPath: m_LocalRotation.w
      value: 1
      objectReference: {fileID: 0}
    - target: {fileID: 6654007197491966223, guid: 354045c52e2429a49a96275812d9e5e6, type: 3}
      propertyPath: m_LocalRotation.x
      value: 0
      objectReference: {fileID: 0}
    - target: {fileID: 6654007197491966223, guid: 354045c52e2429a49a96275812d9e5e6, type: 3}
      propertyPath: m_LocalRotation.y
      value: 0
      objectReference: {fileID: 0}
    - target: {fileID: 6654007197491966223, guid: 354045c52e2429a49a96275812d9e5e6, type: 3}
      propertyPath: m_LocalRotation.z
      value: 0
      objectReference: {fileID: 0}
    - target: {fileID: 6654007197491966223, guid: 354045c52e2429a49a96275812d9e5e6, type: 3}
      propertyPath: m_LocalEulerAnglesHint.x
      value: 0
      objectReference: {fileID: 0}
    - target: {fileID: 6654007197491966223, guid: 354045c52e2429a49a96275812d9e5e6, type: 3}
      propertyPath: m_LocalEulerAnglesHint.y
      value: 0
      objectReference: {fileID: 0}
    - target: {fileID: 6654007197491966223, guid: 354045c52e2429a49a96275812d9e5e6, type: 3}
      propertyPath: m_LocalEulerAnglesHint.z
      value: 0
      objectReference: {fileID: 0}
    m_RemovedComponents: []
  m_SourcePrefab: {fileID: 100100000, guid: 354045c52e2429a49a96275812d9e5e6, type: 3}
--- !u!4 &446349888562705879 stripped
Transform:
  m_CorrespondingSourceObject: {fileID: 6654007197491966223, guid: 354045c52e2429a49a96275812d9e5e6, type: 3}
  m_PrefabInstance: {fileID: 6513903331817424088}
  m_PrefabAsset: {fileID: 0}
--- !u!1001 &8099777983545970729
PrefabInstance:
  m_ObjectHideFlags: 0
  serializedVersion: 2
  m_Modification:
    m_TransformParent: {fileID: 8204507153391168500}
    m_Modifications:
    - target: {fileID: 2755700797058382073, guid: 495f3c0b56dcfc349bb5ba951c590af5, type: 3}
      propertyPath: m_RootOrder
      value: 4
      objectReference: {fileID: 0}
    - target: {fileID: 2755700797058382073, guid: 495f3c0b56dcfc349bb5ba951c590af5, type: 3}
      propertyPath: m_LocalPosition.x
      value: -0
      objectReference: {fileID: 0}
    - target: {fileID: 2755700797058382073, guid: 495f3c0b56dcfc349bb5ba951c590af5, type: 3}
      propertyPath: m_LocalPosition.y
      value: 0
      objectReference: {fileID: 0}
    - target: {fileID: 2755700797058382073, guid: 495f3c0b56dcfc349bb5ba951c590af5, type: 3}
      propertyPath: m_LocalPosition.z
      value: 0
      objectReference: {fileID: 0}
    - target: {fileID: 2755700797058382073, guid: 495f3c0b56dcfc349bb5ba951c590af5, type: 3}
      propertyPath: m_LocalRotation.w
      value: 1
      objectReference: {fileID: 0}
    - target: {fileID: 2755700797058382073, guid: 495f3c0b56dcfc349bb5ba951c590af5, type: 3}
      propertyPath: m_LocalRotation.x
      value: 0
      objectReference: {fileID: 0}
    - target: {fileID: 2755700797058382073, guid: 495f3c0b56dcfc349bb5ba951c590af5, type: 3}
      propertyPath: m_LocalRotation.y
      value: -0
      objectReference: {fileID: 0}
    - target: {fileID: 2755700797058382073, guid: 495f3c0b56dcfc349bb5ba951c590af5, type: 3}
      propertyPath: m_LocalRotation.z
      value: -0
      objectReference: {fileID: 0}
    - target: {fileID: 2755700797058382073, guid: 495f3c0b56dcfc349bb5ba951c590af5, type: 3}
      propertyPath: m_LocalEulerAnglesHint.x
      value: 0
      objectReference: {fileID: 0}
    - target: {fileID: 2755700797058382073, guid: 495f3c0b56dcfc349bb5ba951c590af5, type: 3}
      propertyPath: m_LocalEulerAnglesHint.y
      value: 0
      objectReference: {fileID: 0}
    - target: {fileID: 2755700797058382073, guid: 495f3c0b56dcfc349bb5ba951c590af5, type: 3}
      propertyPath: m_LocalEulerAnglesHint.z
      value: 0
      objectReference: {fileID: 0}
    - target: {fileID: 3275779299702776387, guid: 495f3c0b56dcfc349bb5ba951c590af5, type: 3}
      propertyPath: m_Name
      value: prefab_building02
      objectReference: {fileID: 0}
    - target: {fileID: 3275779299702776387, guid: 495f3c0b56dcfc349bb5ba951c590af5, type: 3}
      propertyPath: m_Layer
      value: 7
      objectReference: {fileID: 0}
    - target: {fileID: 3275779299702776387, guid: 495f3c0b56dcfc349bb5ba951c590af5, type: 3}
      propertyPath: m_IsActive
      value: 0
      objectReference: {fileID: 0}
    m_RemovedComponents: []
  m_SourcePrefab: {fileID: 100100000, guid: 495f3c0b56dcfc349bb5ba951c590af5, type: 3}
--- !u!4 &6221167009458383056 stripped
Transform:
  m_CorrespondingSourceObject: {fileID: 2755700797058382073, guid: 495f3c0b56dcfc349bb5ba951c590af5, type: 3}
  m_PrefabInstance: {fileID: 8099777983545970729}
  m_PrefabAsset: {fileID: 0}
